<?xml version="1.0" encoding="UTF-8"?><collection xmlns="http://www.loc.gov/MARC21/slim"><record><leader>00640nam--2200181-i-4500</leader><controlfield tag="001">000040188</controlfield><controlfield tag="002">20161230</controlfield><controlfield tag="005">20161230201042</controlfield><controlfield tag="008">060222s1000------------r-----000-0-fre-d</controlfield><datafield ind1=" " ind2=" " tag="040"><subfield code="a">IFIN-HH</subfield></datafield><datafield ind1=" " ind2=" " tag="041"><subfield code="a">fre</subfield></datafield><datafield ind1=" " ind2=" " tag="080"><subfield code="a">514.123(075.8)</subfield></datafield><datafield ind1="1" ind2=" " tag="100"><subfield code="a">Salmon,G</subfield></datafield><datafield ind1="1" ind2="0" tag="245"><subfield code="a">Traite de geometrie analytique a trois dimensions</subfield><subfield code="b">Ouvrage traduit de l'anglais par o. chemin troisieme partie surfaces derivees des quadriques. surfaces du toixueme et du quatrieme degre. theorie generale des surfaces</subfield><subfield code="c">G. salmon</subfield></datafield><datafield ind1=" " ind2=" " tag="260"><subfield code="a">Paris</subfield><subfield code="b">Gauthier-villars Et Fils</subfield><subfield code="c">1892</subfield></datafield><datafield ind1=" " ind2=" " tag="300"><subfield code="a">VIII+220P</subfield></datafield><datafield ind1=" " ind2=" " tag="852"><subfield code="a">44487</subfield><subfield code="c">H.H</subfield></datafield><datafield ind1=" " ind2=" " tag="CAT"><subfield code="a">Sys</subfield><subfield code="c">20130409</subfield><subfield code="h">154038</subfield></datafield></record></collection>